@STRING{aiaae	= {{AIAA Education Series}} }
@STRING{cup  	= {{Cambridge University Press}} }
@STRING{dp  	= {{Dover Publications, Inc.}} }
@STRING{els	= {{Elsevier LTD, Oxford}} }
@STRING{jws	= {{John Wiley \& Sons}} }
@STRING{kap  	= {{Kluwer Academic Press}} }
@STRING{mch  	= {{McGraw-Hill}} }
@STRING{mchb  	= {{McGraw-Hill Boston}} }
@STRING{para  	= {{Paraninfo}} }
@STRING{ph  	= {{Prentice-Hall}} }
@STRING{phec  	= {{Prentice-Hall Englewood Cliffs}} }
@STRING{sp  	= {{Springer}} }
@string{upm	= {{{Universidad Polit\'ecnica de Madrid}}}}
@STRING{ws	= {{Wiley Interscience}} }
@STRING{w	= {{Wiley}} }


@Article{Boyce:1961,
  Author   = {Boyce, William E. and Troy, George H. Handelman},
  Title    = {Vibration of rotating beams with tip mass},
  Journal  = {Zeitschrift fur Angewandte Mathematik und Physik (ZAMP)},
  Volume   = {12},
  Number   = {5},
  Pages    = {~369-392},
  year     = 1961
}

@Article{Bagai:1992,
  Author   = {Bagai, A. and Leishman, J. G.},
  Title    = {A study of rotor wake developments and wake/body interactions in hover using wide-field shadowgraphy},
  Journal  = {Journal of American Helicopter Society},
  Volume   = {37},
  Number   = {4},
  Pages    = {~48-57},
  year     = 1992
}



@book{Yntema:1955,
author={Yntema, Robert T.},
title={Simplified Procedures and Charts for the Rapid Estimation
       of Bending Frequencies of Rotating Beams}, 
publisher={NACA-TN-3459},
year={1955}
}


@Article{Ford:1997,
  Author   = {Ford, Terry},
  Title    = {Vibrations in helicopters-reduction and monitoring},
  Journal  = {Aircraft Engineering and Aerospace Technology},
  Volume   = {69},
  Number   = {2},
  Pages    = {~119-125},
  year     = 1997
}

@book{Watkinson:2004,
author={Watkinson, John},
title={The Art of Helicopter},
year={2004},
publisher={Elsevier Butterworth-Heinemann, Amsterdam, Netherlands}
}

@book{Coleman:1946,
  author    = {Coleman, Robert P. and Stempin, Carl W.},
  title     = {A Preliminary Theoretical Study of Aerodynamic Instability
               of a Two Bladed Helicopter Rotor},
  publisher = {NACA-RM-L6H23},
  year      = 1946
}

@book{Houbolt:1958,
  author    = {Houbolt, John C. and Brooks, George W.},
  title     = {Differential Equations of Motion for Combined Flapwise 
              Bending, Chordwise Bending and Torsion of Twisted Non-Uniform Rotor Blades},
  publisher = {NACA-TR-1346},
  year      = 1958
}

@book{Sobey:1974,
  author    = {Sobey, A. J.},
  title     = {Dynamical Analysis of the Shaft-Fixed Blade},
  publisher = {RAE-TR-73175},
  year      = 1974
}



@book{Bielawa:1992,
author     = {Bielawa, Richard L.},
title      = {Rotary Wing Structural Dynamics and Aeroelasticity},
year       = {1992},
series     = {{AIAA Education Series}},
publisher  = {American Institute of Aeronautics \& Astronautics, Washington D.C., U.S.A.} 
}


@book{Bramwell:1975,
author      = {Bramwell, A. R. S. and Done, George and Balmford, David},
title       = {Bramwell's Helicopter Dynamics},
year        = {2001},
publisher   = {Butterworth-Heinemann, Oxford, U.K.}
}

@book{Cooke:2002,
author      = {Cooke, Alistair K.  and Fitzpatrick, Eric W. H.},
title       = {Helicopter Test and Evaluation},
year        = {2002},
series      = {AIAA Education Series},
publisher   = {American Institute of Aeronautics \& Astronautics, Washington D.C., U.S.A.}
}

@book{Johnson:1994,
author={Johnson, Wayne},
title={Helicopter Theory},
year={1980},
publisher={Princeton University Press, Princeton, U.S.A.}
}

@book{Hurty:1964,
author = {Hurty, Walter C. and Rubinstein, Moshe F.},
title = {Dynamics of Structures},
publisher = {Prentice-Hall, Englewood Cliffs, New Jersey, U.S.A.},
year = 1964
}

@book{Goldstein:2002,
author = {Goldstein, H.},
title = {Classical Mechanics},
publisher = {3th edition, Addison Wesley San Francisco, U.S.A.},
year = 2002
}
  

@book{Franchini:2008,
    author = {Franchini, Sebasti\'an and L\'opez Garc\'ia, Oscar},
    title = {Introducci\'on a la ingenier\'ia aeroespacial},
    year = 2008,
    editor = {Meseguer, Jos\'e and Sanz, Angel},
    series = {Serie de Ingenier\'ia y Tecnolog\'ia Aeroespacial,},
    annote = {ISBN:978-84-9353550-1-8},
    publisher = {Universidad Politécnica de Madrid, Madrid, Espa\~na}
}

@book{Lefort:1999,
author={Lefort, Pierre and Hamann, Jacques},
title={L'Helicopt\`{e}re, th\'eorie et practique},
year={1999},
publisher={9$^{\mbox{\scriptsize{ème}}}$ editi\'on, Chiro, Paris, France}
}

@book{Leishman:2007,
author={Leishman, J. Gordon},
title={The Helicopter. Thinking Forward, Looking Back},
year={2007},
publisher={The College Park Press, College Park, Maryland, U.S.A.}
}

@book{Leishman:2006a,
author={Leishman, J. Gordon},
title={Principles of Helicopter Aerodynamics},
year={2006},
series = {Cambridge Aerospace Series},
publisher={2nd edition, Cambridge University Press, Cambridge, U.K.}
}

@book{Leishman:2000,
author={Leishman, J. Gordon},
title={Principles of Helicopter Aerodynamics},
year={2000},
series = {Cambridge Aerospace Series},
publisher={Cambridge University Press, Cambridge, U.K.}
}

@book{Newman:1994,
author={Newman, Simon},
title={The Foundations of Helicopter Flight},
year={1994},
publisher={Edward Arnold, London, U.K.}
}

@book{LopezRuiz:1993,
author={L\'opez Ruiz, Jos\'e Luis},
title={Helic\'opteros. Teor\'ia y Dise\~no Conceptual},
year={1993},
publisher={Escuela T\'ecnica Superior de Ingenieros Aeron\'auticos}
} 


@book{Prouty:2001,
author={Prouty, Raymond W.},
title={Helicopter Performance, Stability, and Control},
year={1990},
publisher={Krieger, Florida, U.S.A.}
} 


@book{Padfield:1996a,
author={Padfield, Gareth D.},
title={Helicopter Flight Dynamics: The Theory and Application of Flying Qualities and Simulation Modeling},
year={1996},
series = {AIAA Education Series},
publisher={American Institute of Aeronautics \& Astronautics, Washington D.C., U.S.A.}
} 


@book{Padfield:1996,
author={Padfield, Gareth D.},
title={Helicopter Flight Dynamics},
year={1996},
publisher={Blackwell Science Ltd., Oxford, U.K.}
} 


@book{Seddon:1990,
author={Seddon, John},
title={Basic Helicopter Aerodynamics},
year={1990},
series = {AIAA Education},
publisher={American Institute of Aeronautics \& Astronautics, Washington D.C., U.S.A.}
}


@book{Stepniewski:1984,
author={Stepniewski, Wieslaw Zenon and Keys, C. N.},
title={Rotary-Wing Aerodynamics},
year={1984},
publisher={Dover Publications, Inc., New York, U.S.A.}
} 


@book{Gessow:1952,
author={Gessow, Alfred and Myers, Garry C. Jr.},
title={Aerodynamics of the Helicopter},
year={1952},
publisher={The MacMillan Company, New York, U.S.A.}
}

%-------------------------------------------------------------------------
% www
%-------------------------------------------------------------------------

@misc{rag,
author={{Rotorcraft Aerodynamic Group}},
title={{Rotorcraft Aerodynamic Group}},
note={\url{http://www.enae.umd.edu/AGRC/aero.html}}
} 


@misc{vtol,
author={{AHS}},
title={The vertical flight society},
publisher={American Helicopter Association.},
note={\url{http://www.vtol.org}},
year={2006}
} 

@misc{vstol,
author={{VSTOL}},
title={},
note={\url{http://www.vtol.org}},
year={2006}
} 


@misc{maksim,
author={Maksim},
title={All the World's Rotorcraft},
note={\url{http://avia.russian.ee/helicopters_eng/full_list.html}},
year={2006}
} 

@misc{wikipedia,
author={Wikipedia},
title={Helicopters},
note={\url{http://http://en.wikipedia.org/wiki}},
year={2006}
} 

%-------------------------------------------------------------------------
% www
%-------------------------------------------------------------------------

@book{Boulet:1991,
author={Boulet, Jean},
title={Histoire de l'hélicoptère racontée par ses pionniers, 1907-1956},
publisher={France-empire, Paris, France},
year={1991}
} 

@book{Brooks:1988,
author={Brooks, Peter W.},
title={Cierva Autogiros: The Development of Rotary-Wing Flight},
publisher={Smithsonian Institution, Washington D.C., U.S.A.},
year={1988}
} 

@book{Espino:2007,
author={Espino, Jos\'e Lu\'is},
title={Descubrir los helicópteros},
series = {Colección Descubrir, Número 17},
publisher={Centro de Documentación y Publicaciones de Aena, Madrid, España},
year={2007}
} 

@book{Fradenbourgh:1990,
author={Fradenbourgh, E. A.},
title={Aerodynamics of Rotorcraft: Basic Aerodynamics for Rotor Performance},
publisher={AGARD Report N$^{\circ}$ R-781 AGARD, NATO, Paper No. 2, 12 p.},
year={1990}
} 

@Article{Gabrielli:1963,
author={Gabrielli, G. and von Kármán, Theodore},
title={ Atti della Classe de Scienze Fisiche, Matematiche, Naturali},
Journal        = {Accademia delle Scienze di Torino},
Volume         = {98},
Pages          = {~471-485},
year           = {1963/1964}
} 

@book{Legrand:1964,
author={Légrand, F.},
title={Giravions, stages de perfectionnement},
publisher={École Nationale Supérieure de L'Aéronautique, Toulouse, France},
year={1964}
}

@book{McCormik:1967,
author={Mc Cormick, Barnes Warnock},
title={Aerodynamics of V/STOL Flight},
publisher={Academic Press, New York, U.S.A.},
year={1967}
} 

@book{Seddon:2002,
author={Seddon, John and Newman, Simon},
title={Basic Helicopter Aerodynamics},
publisher={Blackwell Science, Oxford, U.K.},
year={2002}
} 


@book{Sikorsky:1984,
author={Sikorsky, Sergei and Andrews, Allen},
title={Straight Up},
publisher={Sikorsky Aircraft - United Technologies Corp., Stratford, Connecticut, U.S.A.},
year={1984}
} 


@Article{Straub:2004,
  Author={Straub, F. K. and Kennedy, D. K. and Domzalski, D. B.},
  Title={Smart material-actuated rotor technology - SMART},
  Journal        = {Journal of Intelligent Material Systems and Structures},
  Volume         = {15},
  Pages          = {~294-260},
  year           = 2004
}


@book{Weiland:1977,
author={Weiland, E. F.},
title={Curso de introducci\'on a la tecnolog\'ia del helic\'optero},
publisher={Conferencia impartida en la E.T.S.I. Aeron\'auticos, 20 - 23 de Mayo, Madrid, España},
year={1977}
} 

@Article{Costes:2000,
  Author={Costes, M. and von Geyr, H. F. and Collercandy, R. and Kroll, N. and
          Renzoni, P. and Amato, M. and Kokkalis, A. and Rocchetto, A. and Serr, C. and
          Larrey, E. and Filippone, A. and Wehr, D.},
  Title={Computation of helicopter fuselage aerodynamics using {Navier-Stokes CFD} methods},
  Journal        = {Journal of American Helicopter Society},
  Volume         = {45},
  Number         = 3,
  Pages          = {~147-156},
  year           = 2000
}


@Article{Filippone:2001,
  Author={Filippone, Antonio and Michelsen, J. A.},
  Title={Aerodynamic drag prediction of helicopter fuselage},
  Journal        = {Journal of Aircraft},
  Volume         = {38},
  Number         = {2},
  Pages          = {~326-333},
  year           = 2001
}

@Article{Filippone:2007,
  Author={Filippone, Antonio},
  Title={Prediction of aerodynamic forces on a helicopter fuselage},
  Journal        = {Aeronautical Journal},
  Volume         = {111},
  Number         = 1117,
  Pages          = {~175-184},
  year           = 2007
}


@Article{LePape:2007,
  Author={Le Pape, A. and Gatard, J. and Monnier, J. C.},
  Title={Experimental investigations of rotor-fuselage aerodynamic interactions},
  Journal        = {Journal of American Helicopter Society},
  Volume         = {52},
  Number         = {2},
  Pages          = {~99-109},
  year           = 2007
}

@Article{Renaud:2008,
  Author={Renaud, T. and O'Brien, D. and Smith, M. and Mark, P.},
  Title={Evaluation of isolated fuselage and rotor-fuselage interaction using computational fluid dynamics},
  Journal        = {Journal of the American Helicopter Society},
  Volume         = {53},
  Number         = {1},
  Pages          = {~3-17},
  year           = 2008
}

@book{Wilson:1971,
	author = {Wilson, J. C. and Minek, R. E.},
	title = {Wind-Tunnel Investigation of Helicopter-Rotor Wake Effects on Three Helicopter Fuselage Models},
	year = 1975,
	publisher = {NASA-TM-X-3185@L-9454}
}


@Article{Azuma:1968,
  Author={Azuma, A. and Obata, A.},
  Title={Induced flow variation of the helicopter rotor operating in the vortex ring state},
  Journal        = {Journal of Aircraft},
  Volume         = {5},
  Pages          = {~381-386},
  year           = 1968
}

@book{Brown:2002,
  Author={Brown, R. E. and Leishman, J. Gordon and Newman, Simon J. and Perry, F. J.},
  Title={Blade Twist Effects on Rotor Behavior in the Vortex Ring State},
  publisher      = {{28$^{th}$ European Rotorcraft Forum, Bristol, U.K.}},
  year           = 2002
}

@Article{Cuerva:2006,
  Author={Cuerva, Alvaro and Sanz-Andres, Angel and Meseguer, José and Espino, José Luis},
  Title={An engineering modification of the blade element momentum equation for vertical descent: fundamentals and validation},
  Journal        = {Journal of the American Helicopter Society},
  Volume         = {51},
  Pages          = {~341-348},
  year           = 2006
}

@Article{Cuerva:2006b,
  Author={Cuerva, Alvaro and Sanz-Andres, Angel and Meseguer, José and Espino, José Luis},
  Title={An engineering modification of the blade element momentum equation for vertical descent: an autorotation case study},
  Journal        = {Journal of the American Helicopter Society},
  Volume         = {51},
  Pages          = {~349-354},
  year           = 2006
}

@book{Cuerva:2009,
	author = {Cuerva Tejero, Alvaro and Espino Granado, Jos\'e Luis and
                  L\'opez Garc\'ia, Oscar and Meseguer Ruiz, Jos\'e and
                  Sanz Andr\'es, Angel},
	title = {Teor\'ia de los Helic\'opteros},
	year = 2008,
	editor = {Meseguer, Jos\'e and Sanz, Angel},
	series = {Serie de Ingenier\'ia y Tecnolog\'ia Aeroespacial},
	annote = {ISBN:978-84-9353550-4-9},
	publisher = upm
}



@book{Durand:1963,
author={Durand, William Frederick},
title={Aerodynamic Theory: a General Review of Progress Vol. 4},
publisher={Dover Publications, Inc., New York, U.S.A.},
year={1963}
} 


@Article{Green:2005,
  Author={Green, R. B. and Gillies, E. A. and Brown, R. E.},
  Title={The flow field around a rotor in axial descent},
  Journal        = {Journal of Fluid Mechanics},
  Volume         = {534},
  Pages          = {~237-261},
  year           = 2005 
}


@book{Gustafson:1946,
  Author         = {Gustafson, Frederic Bowen and Gessow, Alfred},
  Title          = {Effect of Rotor-Tip Speed on Helicopter Hovering Performance and Maximum Forward Speed},
  publisher      = {NACA WR L-97 (Formerly ARR LGA 16)},
  year           = 1946
}


@Article{Lee:2003,
  Author={Lee, H. D. and Kwon, O. J.},
  Title={Numerical simulation of vortex ring state using an unstructured mesh flow solver},
  Journal        = {Proceedings of Aircraft Symposium, Japan},
  Volume         = {41},
  Pages          = {~16-119},
  year           = 2003
}


@book{Leishman:2002,
  Author         = {Leishman, J. Gordon and Bhagwat, M. J. and Ananthan, S.},
  Title          = {The Vortex Ring as a Spatially and Temporally Developing Wake Instability},
  publisher      = {American Helicopter Society International Specialists Meeting on Aerodynamics, Acoustics 
                     and Test and Evaluation, San Francisco, U.S.A.},
  year           = 2002
}

@Article{Rand:2006,
  Author={Rand, O.},
  Title={A phenomenological modification for {Glauert's} classical induced velocity equation},
  Journal        = {Journal of the American Helicopter Society},
  Volume         = {51},
  Pages          = {~279-282},
  year           = 2006
}

@book{Filippone:2006,
author={Filippone, Antonio},
title={Flight Performance of Fixed and Rotary Wing Aircraft},
publisher={Elsevier, Amsterdam, Netherlands},
year={2006}
} 


@book{Tokaty:1971,
author={Tokaty, G. A.},
title={A History and Philosophy of Fluid Mechanics},
publisher={Dover Publications, Inc., New York, U.S.A.},
year={1971}
} 
 

@book{Abbot:1945,
author={Abbott, I. H. and von Doenhoff, A. E. and Stivers, L. S. Jr.},
title={Summary of Airfoil Data},
publisher={NACA-TR-824},
year={1945}
} 


@book{Prandtl:1957,
author={Prandtl, Ludwig and Tietjens, Oskar Karl Gustav},
title={Fundamentals of Hydro and Aeromechanics},
publisher={Dover Publications, Inc., New York, U.S.A.},
year={1957}
} 

@book{Theodorsen:1932,
author={Theodorsen, Theodore and Garrick, I. E.},
title={General Potential Theory of Arbitrary Wind Sections},
publisher={NACA-TC-452},
year={1932}
} 

@book{Schindler:1987,
author={Schindler, R. and Pfisterer, E.},
title={Impacts of Rotor Hub Design Criteria on the Operational Capabilities of Rotorcraft Systems},
Journal={AGARD-CP-423},
Volume={},
Pages={15.1-15.23},
year={1987}
}

@book{Ogata:1990,
author={Ogata, Katsuhiko},
title={Modern Control Engineering},
year={1990},
publisher={2nd edition, Prentice-Hall International, Englewood Cliffs, New Jersey, U.S.A.}
} 

@book{Shabana:1996,
author={Shabana, Ahmed A.},
title={Theory of Vibration: An Introduction},
year={1996},
series = {Mechanical Engineering Series},
publisher={Springer-Verlag, New York, U.S.A.}
} 

@book{Grimshaw:1993,
author={Grimshaw, Roger},
title={Nonlinear Ordinary Differential Equations},
year={1993},
series = {Applied Mathematics and Engineering Science Texts},
publisher={CRC Press, Boca Ratón, Florida, U.S.A.}
} 

@book{MeseguerSanz:2005,
	author = {Meseguer, Jos\'e and Sanz, Angel},
	title = {Aerodin\'amica b\'asica},
        editor = {Meseguer, Jos\'e and Sanz, Angel},
        series = {Serie de Ingenier\'ia y Tecnolog\'ia Aeroespacial},
        publisher = {Universidad Politécnica de Madrid, Madrid, Espa\~na},
	year = 2005
}


@book{Nitzberg:1949,
  Author={Nitzberg, Gerald E. and Crandall, Stewart M. and Polentz, Perry P.},
  Title={A Preliminary Investigation of the Usefulness of Camber in 
         Obtaining Favorable Airfoil-Section Drag Characteristics at Supercritical Speeds},
  publisher      = {{NACA-RM-A9G20}},
  year           = 1949
}

@book{Glauert:1926,
  Author={Glauert, H.},
  Title={A General Theory of the Autogiro},
  publisher        = {{ ARC R\&M 1111}},
  year           = 1926
}

@Article{Newman:2003,
  Author={Newman, S. and Brown, R. and Perry, J. and Lewis, S. and Orchard, M. and Modha, A.},
  Title={Predicting the onset of wake breakdown for rotors in descent flight},
  Journal        = {{Journal of the American Helicopter Society}},
  Volume         = {48},
  Number         = {1},
  Pages          = {},
  year           = 2003
}

@book{Jonhson:2004,
  Author         = {Johnson, Wayne},
  Title          = {Model for Vortex Ring State Influence on Rotorcraft Flight Dynamics},
  publisher      = {AHS 4th Decennial Specialist's Conference on Aeromechanics, San Francisco, U.S.A.},
  year           = 2004
}


@book{Knight:1941,
  Author={Knight, Montgomery and Hefner, Ralph. A.},
  Title={Analysis of Ground Effect on the Lifting Airscrew},
  publisher      = {NACA-TN-835},
  year           = 1941
}

@book{Betz:1937,
  Author      = {Betz, Albert},
  Title       = {The Ground Effect of Lifting Propellers},
  publisher   = {NACA-TM-836},
  year        = 1937
}

@book{Cheeseman:1955,
  Author     = {Cheeseman, I. C. and Bennet, W. E.},
  Title      = {{The Effect of the Ground on a Helicopter in Forward Flight}},
  Publisher  = {ARC R\&M 3021},
  year       = 1955
}

@book{Hayden:1976,
  Author={Hayden, J. S.},
  Title={The Effect of the Ground on Hovering Power Required},
  publisher      = {{32$^{th}$ Forum of the American Helicopter Society}},
  Pages          = {1-11},
  year           = 1976
}



@book{cs27,
	author = {CS-27, European Aviation Safety Agency},
	title = {Certification Specifications for Small Rotorcraft},
	publisher = {European Aviation Safety Agency},
	year = {}
}

@book{cs29,
	author = {CS-29, European Aviation Safety Agency},
	title = {Certification Specifications for Large Rotorcraft},
	publisher = {European Aviation Safety Agency},
	year = {}
}

@book{far27,
	author = { FAR-Part 27, Federal Aviation Administration},
	title = {Normal Category Rotorcraft},
	publisher = {Federal Aviation Administration},
	year = {}
}

@book{far29,
	author = { FAR-Part 29, Federal Aviation Administration},
	title = {Transport Category Rotorcraft},
	publisher = {Federal Aviation Administration},
	year = {}
}

@book{Meirovitch:1986,
	author = {Meirovitch, Leonard},
	title = {Elements of Vibration Analysis},
	publisher = {2nd edition, Mac Graw-Hill, New York, U.S.A.},
	year = 1986
}

@book{domke:2009,
author={Domke, Burkhard},
title={Comunicación privada},
year={2009}
} 
